<?xml version="1.0" encoding="UTF-8"?><collection xmlns="http://www.loc.gov/MARC21/slim"><record><leader>00477nam--2200157-i-4500</leader><controlfield tag="001">000015987</controlfield><controlfield tag="002">20161230</controlfield><controlfield tag="005">20161230201031</controlfield><controlfield tag="008">060222s1000------------r-----000-0-eng-d</controlfield><datafield ind1=" " ind2=" " tag="080"><subfield code="a">517.983</subfield></datafield><datafield ind1=" " ind2=" " tag="100"><subfield code="a">Achieser, N.I. Und Glasmann, I.M</subfield></datafield><datafield ind1=" " ind2=" " tag="245"><subfield code="a">Theorie der linearen operatoren im hilbert- raum</subfield></datafield><datafield ind1=" " ind2=" " tag="260"><subfield code="a">Berlin, Akademie-verlag, 1960 Xiii + 369 P</subfield></datafield><datafield ind1=" " ind2=" " tag="490"><subfield code="a">Mathematische Lehrbucher Und Monographien Band Iv</subfield></datafield><datafield ind1=" " ind2=" " tag="852"><subfield code="a">47217</subfield><subfield code="c">512</subfield></datafield><datafield ind1=" " ind2=" " tag="CAT"><subfield code="a">Sys</subfield><subfield code="c">20080514</subfield><subfield code="h">130617</subfield></datafield></record></collection>